<record><leader>00000cas a2200000 a 4500</leader><controlfield tag="001">8789663</controlfield><controlfield tag="008">820920d18451847kyuwr ne      0   a0eng  </controlfield><controlfield tag="009">466</controlfield><datafield ind1=" " ind2=" " tag="010"><subfield code="a">sn 82014698 </subfield></datafield><datafield ind1=" " ind2=" " tag="040"><subfield code="a">DLC</subfield><subfield code="b">eng</subfield><subfield code="c">DLC</subfield><subfield code="d">NPX</subfield><subfield code="d">KNP</subfield><subfield code="d">DLC</subfield><subfield code="d">KNP</subfield><subfield code="d">OCL</subfield><subfield code="d">OCLCO</subfield><subfield code="d">OCLCF</subfield></datafield><datafield ind1="1" ind2=" " tag="029"><subfield code="a">AU@</subfield><subfield code="b">000020119603</subfield></datafield><datafield ind1=" " ind2=" " tag="042"><subfield code="a">msc</subfield></datafield><datafield ind1="0" ind2="0" tag="050"><subfield code="a">Newspaper 7900</subfield></datafield><datafield ind1="0" ind2="4" tag="245"><subfield code="a">The Weekly commercial standard.</subfield></datafield><datafield ind1=" " ind2=" " tag="260"><subfield code="a">Hickman, Ky. :</subfield><subfield code="b">J. Leigh,</subfield><subfield code="c">1845-1847.</subfield></datafield><datafield ind1=" " ind2=" " tag="300"><subfield code="a">2 v. ;</subfield><subfield code="c">59 cm.</subfield></datafield><datafield ind1=" " ind2=" " tag="310"><subfield code="a">Weekly</subfield></datafield><datafield ind1="0" ind2=" " tag="362"><subfield code="a">Vol. 1, no. 1 (Nov. 27, 1845)-v. 2, no. 14 (Mar. 4, 1847) = No. [1]-no. 66.</subfield></datafield><datafield ind1=" " ind2=" " tag="500"><subfield code="a">"Democratic," 1845-&lt;1846&gt;.</subfield></datafield><datafield ind1=" " ind2=" " tag="515"><subfield code="a">Issues for Nov. 27, 1845-18   also carry volume numbering of the former title.</subfield></datafield><datafield ind1=" " ind2=" " tag="500"><subfield code="a">Editor: Jesse Leigh, 1845-1847.</subfield></datafield><datafield ind1=" " ind2="0" tag="651"><subfield code="a">Fulton County (Ky.)</subfield><subfield code="v">Newspapers.</subfield></datafield><datafield ind1=" " ind2="0" tag="651"><subfield code="a">Hickman (Ky.)</subfield><subfield code="v">Newspapers.</subfield></datafield><datafield ind1=" " ind2="7" tag="655"><subfield code="a">Newspapers.</subfield><subfield code="2">fast</subfield><subfield code="0">(OCoLC)fst01423814</subfield></datafield><datafield ind1=" " ind2="7" tag="651"><subfield code="a">Kentucky</subfield><subfield code="z">Fulton County.</subfield><subfield code="2">fast</subfield><subfield code="0">(OCoLC)fst01209523</subfield></datafield><datafield ind1=" " ind2="7" tag="651"><subfield code="a">Kentucky</subfield><subfield code="z">Hickman.</subfield><subfield code="2">fast</subfield><subfield code="0">(OCoLC)fst01218442</subfield></datafield><datafield ind1=" " ind2=" " tag="752"><subfield code="a">United States</subfield><subfield code="b">Kentucky</subfield><subfield code="c">Fulton</subfield><subfield code="d">Hickman.</subfield></datafield><datafield ind1="0" ind2="0" tag="780"><subfield code="t">Commercial herald (Mills' Point, Ky. : 1841)</subfield><subfield code="w">(DLC)sn 82014656</subfield></datafield><datafield ind1="0" ind2="0" tag="785"><subfield code="t">Leigh's commercial standard</subfield><subfield code="w">(DLC)sn 82014699</subfield></datafield></record>